@Article{wang2022,
   Author="Wang, X.  and Wang, S.  and Wang, J.  and Rong, L. ",
   Title="{{A} {M}ultiscale {M}odel of {C}{O}{V}{I}{D}-19 {D}ynamics}",
   Journal="Bull Math Biol",
   Year="2022",
   Volume="84",
   Number="9",
   Pages="99",
   Month="Aug"
}

@Article{ciupe2017,
   Author="Ciupe, S. M.  and Heffernan, J. M. ",
   Title="{{I}n-host modeling}",
   Journal="Infect Dis Model",
   Year="2017",
   Volume="2",
   Number="2",
   Pages="188--202",
   Month="May"
}

@Article{yang2020,
   Author="Yang, C. Y.  and Wang, J. ",
   Title="{{A} mathematical model for the novel coronavirus epidemic in {W}uhan, {C}hina}",
   Journal="Math Biosci Eng",
   Year="2020",
   Volume="17",
   Number="3",
   Pages="2708--2724",
   Month="Mar"
}
